@book{sauer,
	author    = "Timothy Sauer",
	title     = "Numerical Analysis",
	year 	  = "2006",
	publisher = "Pearson Education, Inc",
}

@book{akitson,
	author    = "Kendall E. Atkinson",
	title     = "An Introduction To Numerical Analysis.",
	year      = "1988",
	publisher = "John Wiley \& Sons, Inc.",
}

@book{burden,
	author    = "R. Burden and J. Douglas Faires",
	title     = "Numerical Analysis",
	year      = "2005",
	publisher = "Thomson Learning"
}

@book{Butcher,
	author    = "J.C. Butcher",
	title     = "Numerical Methods for Ordinary Differential Equations",
	year      = "2008",
	publisher = "John Wiley \& Sons"
}

@book{Vazquez,
	author    = "Carlos Vázquez Espí",
	title     = "Análisis Numérico",
	year      = "2013",
	publisher = "García Maroto Editores S.L."
}


@book{gear,
	author    = "Gear, C. W.",
	title     = "Numerical initial value problems in ordinary differential equations",
	year      = "1971",
	publisher = "Prentice Hall PTR"
}

@book{Gasca,
	author    = "M. Gasca",
	title     = "Cálculo Numérico",
	year      = "1991",
	publisher = "UNED"
}


@article{Vitasek,
	author  = "Vitasek, E.",
	title   = "The numerical stability in solution of differential equations",
	journal = "Conference on Numerical Solution of Differential Equations, Springer",
	year    = "1969",
}

@article{nn-de,
	author  = "Ioannis Tsoulos, and Dimitris Gavrilis, and Euripidis Glavas",
	title   = "Solving differential equations with constructed neural networks.",
	year    = "2009",
	journal = "Neurocomputing",
	vol     = "72", 
	pages   = "2385--2391"
}

@article{grammatical-evolution,
	author  = "Tsoulos, I., and Gavrilis, D., and Glavas, E.",
	title   = "Neural network construction and training using grammatical evolution",
	year    = "2008",
	journal = "Neurocomputing",
	vol     = "72",
	pages   = "269--277"
}
